1953 2862
244 164 277 208 6
636 147 1300 247 &⁵532AE

259 290 406 335 -uoque
424 287 495 334 per
524 270 686 317 enderet
706 275 862 316 virtutes
885 270 1060 324 illorum,
1090 285 1235 330 easque
1257 269 1396 329 quibus
1421 270 1568 312 auxiliis
1598 267 1798 330 adsequuti
1828 304 1829 308 ,

241 290 331 389 ΗΜ,
353 289 619 395 ἀίςηοΓΞετεῃ
651 335 753 391 hanc
775 327 869 376 lane
891 347 1056 392 operam
1090 346 1177 375 non
1203 334 1409 374 immerito
1442 334 1487 373 in·
1511 333 1796 390 Romanorum
1829 357 1831 379 1

241 391 374 458 poetis
395 397 591 440 collocare
612 392 762 438 videor.
822 395 964 453 Neque
986 389 1144 451 prorsus
1161 395 1277 435 omni
1299 390 1518 435 destitutam
1548 388 1623 436 esse
1658 392 1793 450 vtilita-

242 469 283 506 te
300 460 521 517 putauerim
538 451 1111 513 huiusmodidisquifitionem,
1128 460 1380 514 quamquam
1404 451 1544 496 nonii
1551 469 1591 496 m
1609 452 1674 496 ille
1702 468 1794 513 ego,

237 519 313 580 'qui
330 521 403 561 hac
420 522 509 561 me'a
528 515 726 584 diligentia
743 516 912 559 multum
931 512 1186 576 profuturum
1204 515 1322 560 bonis
1336 514 1469 559 litteris
1487 511 1563 559 effe
1576 512 1792 567 confidam,

241 578 391 625 nedum
411 578 564 639 sperare
580 577 725 638 poffim
745 577 799 619 ob
822 592 969 629 meam,
980 580 1086 619 cuius
1107 577 1211 620 bene
1229 578 1330 619 mihi
1350 573 1438 618 sum
1456 573 1647 630 conscius,
1665 579 1791 619 tenui-

240 651 373 685 tatem.
434 643 587 685 Retinet
608 641 719 682 enim
737 647 909 682 omnem
927 640 1175 682 temerariam
1194 640 1440 697 arrogantiae
1464 639 1703 696 opinionem
1726 653 1790 681 ve-

240 701 423 751 recundia
440 698 648 759 quaedam,
671 711 710 742 et
732 702 776 752 is,
801 715 882 758 quo
904 711 1041 742 natura
1070 696 1171 751 sum,
1198 697 1353 758 pudor,
1380 697 1466 741 satis
1491 714 1557 741 me
1584 698 1789 746 tutuurab

237 760 302 807 illa
323 758 498 821 praestat.
523 773 529 781 ·’
558 763 676 821 Atqui
697 774 809 815 vero,
827 775 954 821 quum
974 759 1178 820 multiplex
1195 763 1295 805 ratio
1315 758 1362 804 fit
1382 757 1681 820 praesidiorum,
1704 761 1790 819 qui.

236 824 308 866 bus
328 823 478 865 alantur
497 826 667 884 ingenia,
686 825 786 874 artis,
808 817 930 881 quam
951 821 1100 877 colunt,
1124 826 1387 866 innutriantur
1407 821 1561 881 opibus,
1583 827 1620 864 et
1642 819 1691 863 ad
1707 822 1790 864 hoc

236 882 384 930 illudue
404 881 650 943 potiffimum
683 881 906 926 studiorum
929 897 1054 941 genus
1078 882 1141 927 vel
1170 886 1283 926 inuiti
1308 881 1517 934 ducantur,
1548 898 1718 941 nempe,
1748 892 1790 923 vt

236 944 311 990 alia
342 959 389 988 ex
407 947 531 988 animi
550 942 667 1004 ipsms
685 942 829 988 viribus
853 955 891 988 et
910 954 1045 996 natura
1064 947 1196 1004 petita,
1216 944 1289 988 alia
1310 959 1405 986 vero
1426 947 1506 986 eius
1525 943 1602 986 fint
1619 946 1787 1000 generis,

236 1018 279 1049 vt
299 1006 413 1059 coeli,
432 1021 609 1057 morum,
630 1004 836 1057 sollertiae,
856 1004 1097 1048 educationis
1123 1016 1194 1051 cet.
1225 1004 1423 1062 beneficio
1462 1008 1716 1062 contingant:
1744 1001 1787 1044 id

236 1065 340 1110 effici
359 1062 470 1125 poffe
495 1064 773 1110 enumerandis
793 1076 832 1109 et
848 1063 1122 1126 percensendis
1138 1067 1198 1109 his
1230 1069 1412 1125 poe'ticae
1440 1068 1529 1107 artis
1564 1062 1669 1124 apud
1701 1066 1787 1108 Ro-

236 1140 380 1171 manos
395 1125 514 1174 causis
533 1138 571 1170 et
595 1125 755 1182 auxiliis,
777 1138 831 1181 vt,
853 1131 921 1188 qui
941 1131 1014 1172 arti
1029 1130 1124 1172 huic
1148 1126 1297 1173 liberali
1330 1142 1499 1187 operam
1531 1138 1697 1179 nauent,
1725 1123 1785 1170 se.

238 1187 336 1234 dulo
357 1187 556 1231 attendant
572 1186 620 1230 ad
639 1188 717 1240 illa,
740 1203 843 1247 quae
857 1192 1015 1247 penitus
1034 1192 1077 1230 in
1100 1188 1231 1232 nostra
1246 1188 1321 1230 sint
1339 1188 1528 1247 potestate
1547 1186 1687 1246 posita,
1720 1203 1785 1230 ea.

236 1246 410 1308 demque
431 1252 474 1291 in
489 1246 599 1292 suam
620 1248 853 1292 conuertant
875 1248 1087 1292 vtilitatem,
1147 1252 1337 1293 Ceterum
1359 1245 1500 1292 versari
1527 1264 1593 1291 me
1631 1245 1712 1291 scio
1738 1252 1783 1291 in

237 1321 486 1368 argumente,
507 1306 618 1370 quod
638 1308 802 1360 vberius,
826 1323 946 1367 quam
963 1309 1108 1351 harum
1124 1307 1199 1353 fert
1218 1314 1452 1368 paginarum
1482 1307 1680 1367 angustia,
1708 1320 1784 1355 tra-

238 1371 336 1412 <stari
359 1381 397 1412 et
420 1369 549 1429 pesth,
571 1380 609 1412 et
627 1378 832 1413 mereatur.
895 1371 1015 1412 Satius
1036 1385 1131 1413 vero
1154 1368 1263 1422 duxi,
1290 1373 1473 1428 perituris
1491 1384 1651 1428 parcet-e
1672 1370 1783 1413 char-

236 1432 295 1483 tis,
326 1444 443 1489 quam
463 1429 619 1495 prolixa
635 1428 856 1494 garrulitate
874 1426 1058 1475 nauseam
1077 1428 1247 1490 denique
1273 1434 1439 1488 excitare
1455 1418 1689 1489 legentibus.

435 1552 614 1594 Primum
626 1561 770 1603 autem,
790 1548 901 1611 quod
919 1553 1015 1595 attin
1045 1548 1196 1594 endum
1213 1550 1313 1594 mihi
1331 1549 1386 1593 est
1403 1554 1447 1593 in
1464 1551 1659 1596 hocloco
1678 1557 1781 1613 poe·-

233 1615 330 1655 ticae
358 1614 458 1664 artis,
488 1627 587 1671 quae
621 1610 730 1671 apud
763 1613 971 1656 Romanos
1018 1610 1165 1655 ubfidia
1189 1609 1358 1665 fuerint,
1389 1610 1694 1670 perlustratum,
1727 1630 1779 1661 eo

231 1672 314 1716 fere
341 1671 460 1725 inest,
490 1684 531 1715 vt
554 1676 599 1715 iis
628 1670 916 1732 respondeam,
975 1676 1015 1716 ui
1042 1672 1148 1715 nulla
1176 1669 1337 1732 prorsus
1361 1672 1487 1716 aliena
1519 1688 1620 1733 ope,
1651 1673 1778 1728 nullis,

231 1750 329 1793 quae
349 1745 452 1776 extra
471 1734 547 1775 hos
566 1731 661 1786 fixit,
693 1732 841 1777 auxiliis
871 1733 934 1777 alif
964 1733 1217 1787 ustentariue*‚
1249 1749 1332 1779 vno
1361 1729 1489 1777 saltim
1517 1736 1682 1796 ingenio
1713 1753 1779 1779 ve-

231 1809 361 1854 naque
378 1797 536 1854 poe’tica
554 1794 795 1853 praeclaram
812 1793 993 1855 fingendi
1010 1806 1135 1839 artem
1154 1793 1306 1839 absolui
1329 1794 1401 1838 fibi
1421 1793 1665 1854 persuadent.
1725 1801 1778 1841 E-

231 1854 394 1914 quidem
413 1852 499 1898 satis
516 1852 765 1914 perspee‘lum
783 1860 993 1915 cognitum
1024 1873 1073 1900 ue
1089 1858 1193 1899 mihi
1215 1856 1359 1915 habeo,
1381 1855 1464 1899 fifi'e
1485 1861 1635 1917 ingenii
1653 1859 1778 1903 excel-

230 1915 360 1970 lentia,
378 1927 426 1969 et,
445 1932 537 1959 cum
556 1917 754 1960 Cicerone
770 1929 809 1960 vt
827 1916 979 1977 loquar,
1009 1933 1076 1961 me
1097 1919 1240 1976 afflatu
1259 1920 1401 1966 diuino,
1419 1922 1625 1962 neminem
1647 1924 1777 1964 virum

230 1993 423 2036 magnum
442 1978 502 2020 vel
523 1975 625 2019 nasei
644 1977 704 2019 vel
724 1977 893 2021 euadere
909 1977 1033 2038 poffe.
1095 1982 1230 2022 Immo
1246 1994 1343 2022 vero
1362 1979 1425 2021 illa
1449 1982 1598 2037 ingcnii
1628 1984 1778 2038 poetici

229 2040 287 2079 vis
306 2036 456 2089 diuina,
488 2037 518 2079 fi
538 2036 592 2080 fas
615 2037 668 2080 est
687 2041 738 2080 ita
756 2055 920 2092 vocare,
951 2056 1039 2082 non
1064 2055 1168 2100 opus
1191 2040 1310 2084 habet
1335 2036 1506 2099 operosa
1533 2038 1777 2096 eruditione3

229 2096 301 2141 fibi
322 2101 399 2142 iam
423 2096 501 2157 ipsa
525 2096 683 2153 sufficit,
715 2110 754 2142 et
782 2116 803 2163 a
831 2096 870 2143 se
897 2098 984 2145 satis
1009 2113 1143 2161 petere
1174 2101 1277 2145 valet
1303 2106 1472 2155 virium3
1508 2106 1607 2162 quin
1635 2103 1782 2148 multa,
1813 2128 1815 2130 ·

172 2167 177 2187 ⁵
231 2174 320 2202 rum
341 2175 473 2202 rerum
492 2159 683 2214 scientiae,
711 2165 916 2221 variaeque
935 2161 1142 2210 doctrinae
1159 2163 1309 2211 onustis
1329 2160 1485 2208 sarcinis
1505 2164 1593 2229 plus
1613 2166 1774 2214 cohibe.

230 2229 304 2272 tur,
328 2235 446 2287 quam
465 2219 631 2266 fouetur.
697 2222 886 2287 Namque
1233 2236 1240 2241 “

1557 2372 1618 2385 --
1646 2355 1774 2408 σοφος
