1953 2862
214 208 278 244 ,ιο
741 182 842 250 21„
914 180 1048 249 zm
1116 178 1220 249 θ’

249 304 410 368 ἤματα,
421 306 609 359 omnium
629 307 927 365 occupauerunt
946 305 1114 347 animos.
1177 302 1312 346 Rebus
1326 296 1501 347 secundis
1516 303 1761 363 triumphant
1802 354 1809 360 ⁹
1876 295 1936 379 ἐξ

231 370 416 430 uperbia,
446 366 612 411 aduerfis
635 369 818 410 animum
840 382 926 409 non
945 366 1133 416 abiicere,
1163 363 1429 407 calamitatum
1450 368 1617 407 cuiusuis
1640 380 1761 424 gene.

215 435 268 474 ris
288 434 486 490 patientes,
522 440 559 471 et
580 428 675 471 tales
696 423 797 481 effe,
832 442 932 487 quos
951 424 1163 478 Caudium,
1194 440 1375 530 quosque
1397 428 1560 469 Cannae
1580 441 1666 468 non
1684 425 1761 471 fre.

213 495 353 552 gerint.
386 493 522 547 (mv.
554 491 621 535 IX.”
648 506 697 540 ¹9·
707 486 726 544 )’
753 515 809 524 --
872 488 1027 531 Mirum
1056 490 1097 531 in
1119 502 1191 530 mo
1222 504 1293 531 um
1315 484 1554 545 generosam
1574 489 1677 530 hanc
1698 491 1761 531 in-

216 551 353 596 dolem
374 551 478 604 aluit,
505 563 544 593 et
566 550 770 608 praeclaris
788 547 969 591 institutis
994 551 1097 590 auxit
1112 559 1194 590 tam
1215 548 1370 607 publica
1390 563 1510 607 quam
1531 552 1679 607 priuata
1702 545 1760 590 di.

212 609 387 673 sciplina.
431 610 508 656 Sed
529 609 655 653 nullus
677 606 808 652 adhuc
831 609 964 652 litteris
990 611 1141 662 honor,
1171 609 1277 652 nulla
1296 610 1496 653 bonarum
1517 614 1664 653 artium
1679 607 1761 654 fiue

201 673 307 726 laus,
337 672 420 715 fiue
436 674 599 714 mentio.
660 667 870 729 Loquendi
888 684 1012 729 genus
1037 667 1232 729 asperum,

366 754 384 806 (
416 776 474 787 —-
507 750 667 810 agrqstis
695 752 804 793 enim
823 758 905 793 tum
925 749 1045 808 Mfiz
1064 752 1228 810 vigebat.
1295 745 1362 794 L'v
1374 764 1436 793 cx
1448 766 1471 794 Β
1485 753 1555 806 ¹r.)

214 829 321 876 rudis
343 827 461 874 seculi
490 828 715 891 squalorem
737 828 956 889 quemdam
969 864 982 883 ‚
1017 845 1135 890 quem
1156 826 1356 890 insequuta
1375 827 1541 874 demum
1569 841 1670 874 aetas
1693 827 1761 874 de-

214 891 333 944 tei-fit,
364 890 568 935 duriorem
590 891 766 950 aliquam
789 890 1091 951 fimplicitatem,
1122 904 1160 935 et
1183 892 1392 935 horridam
1418 908 1513 951 prae
1528 890 1569 934 se
1592 895 1762 942 maciem

215 950 373 1003 ferebat.
438 950 571 995 Poe‘sis
605 963 685 994 erat
717 953 800 993 hoc
827 964 1011 1010 tempore
1040 968 1140 994 non.
1159 952 1278 1010 plane
1333 952 1469 995 uidem
1493 952 1620 1004 nulla,
1674 950 1762 994 nul-

207 1011 290 1059 *lius
308 1025 441 1058 tamen
457 1015 586 1074 pretii,
619 1024 657 1056 et
677 1012 794 1070 instar
816 1010 1002 1074 loquelae
1021 1012 1284 1072 paruulorum
1304 968 1506 1057 dimidiata
1529 1012 1647 1066 verba
1675 1024 1761 1056 ten-

217 1080 394 1119 tantium.
457 1078 618 1118 Interim
638 1077 808 1133 ingenia,
840 1090 1019 1134 quorum
1040 1071 1166 1118 solida
1189 1086 1270 1117 erat
1291 1079 1370 1128 vis,
1402 1073 1657 1133 indulgebant
1677 1072 1762 1126 fibi,

218 1134 371 1198 spiritus
392 1133 605 1189 ducebant,
633 1134 761 1179 modo
782 1136 878 1179 haec
899 1132 1029 1180 modo
1050 1135 1124 1180 alia
1143 1133 1282 1180 molita
1295 1172 1307 1191 ‚
1341 1148 1379 1181 et
1406 1140 1450 1181 in
1480 1131 1667 1181 sermone
1690 1133 1761 1179 illo

220 1200 404 1241 incomto
425 1210 463 1239 et
488 1195 758 1255 incomposito
781 1197 1033 1239 elaborabant
1055 1195 1240 1249 subinde,
1269 1201 1411 1256 impari
1437 1201 1618 1257 quamuis
1638 1195 1762 1239 sortu-

220 1274 285 1311 na,
311 1269 349 1301 et
373 1255 456 1299 fine
484 1268 575 1300 arte.
619 1260 697 1309 (cl
713 1271 748 1299 c.
780 1254 899 1301 Tusc.
921 1260 950 1301 1.
973 1274 1006 1299 2.
1056 1272 1272 1301 ΤιΒνιι.
1302 1260 1346 1301 Π.
1379 1257 1478 1317 eleg.
1500 1261 1554 1313 ι.)
1628 1254 1763 1299 Poe'fis

220 1315 465 1379 iamfsenfim
484 1314 728 1360 sand'litatem
749 1317 920 1375 aliquam
945 1329 984 1359 et
1002 1317 1235 1370 virilitatem,
1267 1332 1314 1360 ex
1333 1316 1515 1374 moribus
1538 1314 1679 1360 sensim
1699 1332 1764 1359 ex-

222 1377 332 1421 cultis
350 1371 400 1420 'et
419 1376 466 1421 ad
491 1377 722 1435 elegantiam
739 1393 815 1434 pro
847 1375 945 1419 enfis
964 1381 1078 1436 cepit.
1135 1377 1345 1421 'Romanis
1363 1377 1551 1432 demum,
1583 1378 1765 1421 vic'ioria-

219 1454 310 1483 rum
341 1450 379 1481 et
405 1436 563 1482 bellicae
585 1435 707 1481 laudis
736 1441 796 1481 aui
826 1436 948 1481 iffima
971 1450 1112 1499 gente,
1146 1436 1237 1498 post
1268 1438 1465 1485 deuictam
1494 1439 1643 1492 ltaliam
1672 1456 1765 1496 cum

219 1496 382 1560 §opulis
402 1503 537 1542 exteris
564 1499 652 1541 belli
682 1499 899 1552 crantibus:
930 1514 977 1542 ex
999 1499 1201 1558 opulentia
1218 1516 1352 1543 rerum
1368 1499 1621 1544 subnascente
1640 1500 1763 1554 luxus,

220 1561 434 1620 elegantiae
456 1514 746 1618 etsplendgbris
770 1576 932 1611 amore,
965 1575 1101 1603 mores
1128 1563 1274 1618 pariter
1303 1560 1417 1621 atque
1441 1567 1565 1605 animi
1590 1563 1704 1608 laxati
1727 1574 1765 1605 et

219 1621 420 1680 voluptate
441 1618 611 1681 quadam
623 1620 773 1662 deliniti
789 1620 991 1678 paullatim
1007 1619 1192 1663 exstitere.
1254 1622 1439 1682 Namque
1458 1624 1556 1665 haec
1576 1621 1631 1665 est
1649 1639 1765 1674 com.

219 1686 353 1727 munis
372 1681 498 1742 aliqua
521 1677 605 1723 sors
625 1684 765 1723 artium
797 1684 971 1723 omnino
994 1684 1200 1733 omnium,
1231 1693 1272 1725 vt
1300 1687 1343 1725 in
1371 1698 1543 1741 paupere
1567 1694 1606 1725 et
1624 1679 1769 1743 frugali

219 1747 385 1795 ciuitate,
411 1746 463 1801 g)
501 1757 602 1800 quae
636 1741 837 1783 vtilitatem
867 1739 1027 1813 inagif,'
1046 1756 1164 1801 quam
1189 1741 1478 1796 oblec‘iamenta
1501 1740 1677 1803 specstet,
1705 1742 1768 1787 vel
1831 1756 1836 1757 ⁷

218 1806 446 1863 incognitae
466 1802 527 1845 vel
546 1799 695 1860 spretae
716 1802 950 1861 plerumque
970 1814 1143 1855 laceant3
1184 1818 1317 1846 rerum
1338 1820 1435 1847 vero
1462 1803 1537 1847 late
1564 1816 1602 1847 et
1626 1821 1766 1866 vsque·

229 1860 376 1922 *naque
396 1861 683 1905 confluentium
712 1859 923 1906 abundanti
952 1864 1141 1906 homines
1162 1859 1320 1916 sentim,
1348 1863 1660 1924 circumspediis,
1700 1866 1766 1909 vbi

221 1880 373 1969 diuitias
397 1926 439 1967 in
462 1921 530 1966 sua
551 1934 701 1967 vertant
720 1919 956 1977 commoda,
977 1926 1065 1978 viis,
1095 1927 1136 1971 in
1158 1921 1240 1968 illas
1256 1928 1435 1985 primum
1464 1925 1636 1970 incidant
1668 1926 1766 1971 deli·

223 1990 318 2039 cias,
350 2002 452 2044 quae
472 1989 636 2028 animum
656 1988 829 2043 capiant,
862 1996 900 2026 et
922 1982 1029 2026 suaui
1052 1984 1182 2028 modo
1203 1982 1460 2043 demulceant.
1531 1986 1673 2046 Neque
1692 1988 1765 2031 ob·

221 2044 292 2088 ssat
311 2045 497 2105 prosed'io
520 2048 727 2089 enunciato
751 2046 843 2101 huic
863 2041 944 2103 ipsa
964 2045 1105 2089 artium
1125 2043 1342 2099 liberalium
1362 2042 1465 2106 apud
1476 2049 1683 2092 Romanos
1704 2050 1766 2092 hi-

222 2107 353 2151 floria.
412 2111 495 2149 Iam
514 2112 623 2149 enim
640 2107 810 2165 legimus
831 2103 937 2163 ipsos
958 2104 1050 2149 belli
1071 2107 1187 2150 duces
1209 2105 1439 2164 sortiffiinos
1471 2123 1525 2151 sc
1539 2124 1552 2150 1
1567 2124 1613 2150 ιη
1629 2123 1655 2150 o
1668 2124 1731 2151 NE
1744 2124 1765 2152 s

1572 2168 1767 2229 elegantes

276 2246 329 2293 g)
353 2245 488 2295 Qualis
508 2245 662 2293 quidem
679 2245 799 2284 Roma
824 2244 900 2283 fuit
920 2244 1175 2294 antiquitus.s
1199 2245 1298 2284 Nam
1316 2246 1369 2284 ita
1394 2258 1602 2293 umvs:
1632 2249 1767 2285 veteri·
1782 2274 1794 2288 .

388 2295 458 2332 bus
477 2294 657 2333 Romanis
675 2294 864 2334 summum
884 2293 1033 2346 luxuria
1052 2294 1207 2335 crimen.
1235 2294 1323 2337 Inst.
1344 2296 1451 2338 Orat.
1470 2296 1537 2338 111.
1559 2313 1595 2348 7.
1650 2298 1761 2338 Conf.

391 2344 530 2384 adhaec
557 2358 574 2383 1
584 2357 739 2387 SELJN
750 2352 776 2385 ι’
795 2345 985 2397 Gestbicbee
1000 2348 1061 2385 der
1078 2346 1282 2397 Menfibbeit
1297 2348 1381 2388 Lib,
1403 2347 1490 2388 Vn.

1911 1124 1913 1129 -
1889 925 1917 1098 -*Jr÷··*'22*†'ss
1909 898 1916 904 .
1909 853 1912 858 -
1886 788 1920 836 “02³
1883 749 1890 756 v

1908 879 1945 1041 azazae»

1887 1333 1941 1376 ἰς
